<?xml version="1.0" encoding="UTF-8"?><collection xmlns="http://www.loc.gov/MARC21/slim"><record><leader>00553nam--2200181-i-4500</leader><controlfield tag="001">000016140</controlfield><controlfield tag="002">20161230</controlfield><controlfield tag="005">20161230201031</controlfield><controlfield tag="008">060222s1000------------r-----000-0-fre-d</controlfield><datafield ind1=" " ind2=" " tag="040"><subfield code="a">IFIN-HH</subfield></datafield><datafield ind1=" " ind2=" " tag="041"><subfield code="a">fre</subfield></datafield><datafield ind1=" " ind2=" " tag="080"><subfield code="a">534.2(043)</subfield></datafield><datafield ind1="1" ind2=" " tag="100"><subfield code="a">Bousseau, Gerard</subfield></datafield><datafield ind1="1" ind2="0" tag="245"><subfield code="a">Autoentretien electroacoustique des tuyaux son ores. application a l`etude du couplage avec un tuyau passif de longueur reglable</subfield><subfield code="b">These</subfield><subfield code="c">Gerard bousseau</subfield></datafield><datafield ind1=" " ind2=" " tag="260"><subfield code="a">Paris</subfield><subfield code="b">Masson Et C-ie</subfield><subfield code="c">1961</subfield></datafield><datafield ind1=" " ind2=" " tag="300"><subfield code="a">181 P</subfield></datafield><datafield ind1=" " ind2=" " tag="852"><subfield code="a">77072</subfield><subfield code="c">534</subfield></datafield><datafield ind1=" " ind2=" " tag="CAT"><subfield code="a">Sys</subfield><subfield code="c">20110119</subfield><subfield code="h">134127</subfield></datafield></record></collection>